@book{ashfaq2000,
	author = {Ahmed Ashfaq},
	title = {Eletrônica de Potência},
	year = {2000},
	publisher = {Prentice Hall},
}
